% bmc_article.bib
% 
%  An example of bibtex entries.
%  Entries taken from BMC instructions for authors page.

% uncomment next line to make author-year bibliography
% @settings{label, options="nameyear"}



@article{blank,
	author  = {}, 
	title   = {},
	journal = {}, 
	year  = {},
	  month = {}, 
	  volume= {}, 
	  number= {}, 
	  pages = {},
	  note  = {} 
}	

@book{Izenman,
	author    = {Izenman, A }, 
	title     = {Modern Multivariate Statistical Techniques},
	publisher = {Springer}, 
	year      = {2008},
	address   = {New York} 
}



@book{Legendre,
	author    = {Legenrde, P and Legendre, L}, 
	title     = {Numerical Ecology},
	publisher = {Elsevier}, 
	year      = {1998},
	address   = {Amsterdam} 
}


@article{qiime,
	author  = {Caporaso, J.G. and Kuczynski, J. and Stombaugh, J and Bittinger, K. and Bushman, F.D. and Costello, E.K. and Fierer, N. and Gonzalez Pena, A. and Goodrich, J.K. and Gordon, J.I. and Huttley G.A. and Kelley, S.T. and Knights, D. and Koenig, J.E. and Ley, R.E. and Lozupone, C.A. and McDonald, D. and Muegge, B.D. and Pirrung, M. and Reeder, J. and Sevinsky, J.R. and Turnbaugh, P.J. and Walters, W.A. and Widmann, J. and Yatsunenko, T. and Zaneveld, J. and Knight, R. }, 
	title   = {QIIME allows analysis of high-throughput community sequencing data},
	journal = {Nature Methods}, 
	year  = {2010},
	  volume= {7}, 
	  number= {5}, 
	  pages = {335-336}
}	

@article{emperor,
	author  = {Vazquez-Baeza, Y. and Pirrung, M. and Gonzalez, A. and Knight, R.}, 
	title   = {EMPeror: a tool for visualizing high-throughput microbial community data},
	journal = {Gigascience}, 
	year  = {2013},
	  month = {November}, 
	  volume= {2}, 
	  number= {1}, 
	  pages = {16}
}	


% Article within a journal supplement
@ARTICLE{Sellitto,
	author  = {Sellitto, M and Bai, G and Serena, G and  Fricke, W. F.  and Sturgeon, C and Gajer, P and White, J and  Koenig, S S K and Sakamoto, J and  Boothe, D and  Gicquelais, R and  Kryszak, D and  Puppa, E and Catassi, C and Ravel, J and  Fasano, A}, 
	title   = {Proof of Concept of Microbiome-Metabolome Analysis and Delayed Gluten Exposure on Celiac Disease Autoimmunity in Genetically At-Risk Infants},
	journal = {PLoS ONE}, 
	year    = {2012},
	volume  = {7}, 
	number = {3},
	pages   = {e33387}
}

% Article within a journal
@ARTICLE{Dickson,
	author  = {Dickson, R P and Erb-Downward, J R and Prescott, H C and Martinez, F J and Curtis, J L and Lama, V N  and Huffnagle, G B}, 
	title   = {Cell-associated bacteria in the human lung microbiome}, 
	journal = {Microbiome}, 
	year    = {2014},
	volume  = {2},
	 number= {28}
}	

@ARTICLE{Fouts,
	author  = {Fouts, D E and Pieper, R and  Szpakowski, S and  Poh, H and  Knoblach, S and  Suh, M-J and  Huang, S-T and Ljungberg, I and  Sprague, B M and  Lucas, S K and  Torralba, M and  Nelson, K E and Groah, S L},
	title   = {Integrated Next-generation Sequencing of 16S rDNA and Metaproteomics Differentiate the Healthy Urine Microbiome from Asymptomatic Bacteriuria in Neuropathic Bladder Associated with Spinal Cord Injury},
	journal = {Journal of Translational Medicine}, 
	year    = {2012},
	volume  = {10}, 
	number = {174}
}	

%
% Article within conference proceedings
%
@ARTICLE{Kraneveld,
	author  = {Kraneveld, E A and  Buijs, M J and  Bonder, M J and Visser, M and Keijser, B J  F and Crielaard, W and Zaura, E},
	title   = {The Relation between Oral Candida Load and Bacterial Microbiome Profiles in Dutch Older Adults},
	journal = {PLoS ONE}, 
	year    = {2012},
	volume  = {7}, 
	number = {8},
	pages   = {e42770}
}	
	

@ARTICLE{Gong,
	author  = {Gong, H-L and Shi, Yi and Zhou, L and Wu, C-P and Cao, P-Y and Tao, Lei and Xu, C and Hou, D-S and  Wang, Y-Z},
	title   = {The Composition of Microbiome in Larynx and the Throat Biodiversity between Laryngeal Squamous Cell Carcinoma Patients and Control Population},
	journal = {PLoS ONE}, 
	year    = {2013},
	volume  = {8}, 
	number = {6},
	pages   = {e66476}
}

@ARTICLE{Pourabedin,
	author  = {Pourabedin, M and  Guan, L and Zhao},
	title   = {Xylo-oligosaccharides and virginiamycin differentially modulate gut microbial composition in chickens},
	journal = {Microbiome}, 
	year    = {2015},
	volume  = {3}, 
	number = {15}
}

@ARTICLE{Lu,
	author  = {Lu, K and Abo, R P and  Schlieper, K A and Graffam, M E and Levine,  S and  Wishnok, J S and Swenberg, J A and  Tannenbaum, S R and Fox, J G},
	title   = {Arsenic Exposure Perturbs the Gut Microbiome and Its Metabolic Profile in Mice: An Integrated Metagenomics and Metabolomics Analysis},
	journal = {Environmental Health Perspectives}, 
	year    = {2014},
	volume  = {122}, 
	number = {3},
	pages   = {284-291}
}


@ARTICLE{Claud,
	author  = {Claud, E C and  Keegan, K P and Brulc, J M and Lu, L and Bartels, D and  Glass, E and  Chang, E B and  Meyer, F and Antonopoulos, D A },
	title   = {Bacterial community structure and functional contributions to emergence of health or necrotizing enterocolitis in preterm infants},
	journal = {Microbiome}, 
	year    = {2013},
	volume  = {1}, 
	number = {20}
}

@ARTICLE{Boutin,
	author  = {Boutin, S and  Graeber, S Y and Weitnauer, M and  Panitz, J and Stahl, M and Clausznitzer, D and  Kaderali, L andEinarsson, G and Tunney, M M and Elborn, J S and  Mall, M A and  Dalpke, A H},
	title   = {Comparison of Microbiomes from Different Niches of Upper and Lower Airways in Children and Adolescents with Cystic Fibrosis},
	journal = {PLoS ONE}, 
	year    = {2015},
	volume  = {10}, 
	number = {1},
	pages   = {e0116029}
}

@ARTICLE{Cribbs,
	author  = {Cribbs, S K and  Uppal, K and Li, S and Jones, D P and  Huang, L and Tipton,  L and Fitch, A and Greenblatt, R M and Kingsley, L and  Guidot, D M and Ghedin, E and Morris, A},
	title   = {Correlation of the lung microbiota with metabolic profiles in bronchoalveolar lavage fluid in HIV infection},
	journal = {Microbiome}, 
	year    = {2016},
	volume  = {4}, 
	number = {3}
}

@ARTICLE{Langille,
	author  = {Langille, M GI  and Meehan, C J and  Koenig, J E and Dhanani, A S and Rose, R A and Howlett, S E  and Beiko, R G},
	title   = {Microbial shifts in the aging mouse gut},
	journal = {Microbiome}, 
	year    = {2014},
	volume  = {2}, 
	number = {50}
}

@ARTICLE{Shankar,
	author  = {Shankar, V and Agans, R and  Holmes, B and  Raymer, M and Paliy, O},
	title   = {Do gut microbial communities differ in pediatric IBS and health?},
	journal = {Gut Microbes}, 
	year    = {2013},
	volume  = {4}, 
	number = {4},
	pages ={347-352}
}

@ARTICLE{Hansen,
	author  = {Hansen, C H F and Andersen, L S F and  Krych, L and Metzdorff, S B and Hasselby,  J P and Skov, S and  Nielsen, D S and  Buschard, K and Hansen, L H and Hansen A K},
	title   = {Mode of Delivery Shapes Gut Colonization Pattern and Modulates Regulatory Immunity in Mice},
	journal = {The Journal of Immunology}, 
	year    = {2014},
	volume  = {193}, 
	number = {3},
	pages ={1213-1222}
}

@ARTICLE{Chessel,
 author={Chessel, D. and Dufour, A.B. and Thioulouse, J.},
 title={ The ade4 package-I-One-table methods},
  year={2004},
  journal={ R News},
  volume={ 4},
  pages={ 5-10}
  }


@ARTICLE{Dray1,
author={Dray, S. and Dufour, A.B.},
 title={The ade4 package: implementing the duality
  diagram for ecologists}, 
  journal={Journal of Statistical Software},
  year={2007},
  volume={ 22},
  number={4},
  pages={ 1-20}
  }

 @ARTICLE{Dray2,
 author={Dray, S. and Dufour, A.B. and Chessel, D. },
 title={ The ade4 package-II: Two-table and K-table methods},
 journal={ R News},
  year={2007},
 volume={7},
 number={2},
 pages={47-52}
 }
 
 @article{Dray3,
  title={Co-inertia analysis and the linking of ecological data tables},
  author={Dray, St{\'e}phane and Chessel, Daniel and Thioulouse, Jean},
  journal={Ecology},
  volume={84},
  number={11},
  pages={3078--3089},
  year={2003},
  publisher={Eco Soc America}
}

 
 @Manual{R,
    title = {R: A Language and Environment for Statistical Computing},
    author = {{R Core Team}},
    organization = {R Foundation for Statistical Computing},
    address = {Vienna, Austria},
    year = {2015},
    url = {https://www.R-project.org/},
  }


 @article{Ravel,
	author  = {Ravel, J. and Gajer, P. and Abdo, Z. and Schneider, G.M. and Koenig, S.S.K.  and McCulle, S.L. and Karlebach, S. and Gorle, R. and Russell, J. and Tacket, C.O. and Brotman, R. M. and Davis, C.C. and Ault, K. and Peralta, L. and Forney, L.J.}, 
	title   = {Vaginal Microbiome of Reproductive Age Women},
	journal = {Proc Natl Acad Sci, USA}, 
	year  = {2011},
	  volume= {108}, 
	  number= {1}, 
	  pages = {4680-4687}
}	

@Manual{vegan,
    title = {vegan: Community Ecology Package},
    author = {Jari Oksanen and F. Guillaume Blanchet and Roeland Kindt and Pierre Legendre and Peter R. Minchin and R. B. O'Hara and Gavin L. Simpson and Peter Solymos and M. Henry H. Stevens and Helene Wagner},
    year = {2016},
    note = {R package version 2.3-4},
    url = {http://CRAN.R-project.org/package=vegan},
  }


  @Manual{adegraphics,
    title = {adegraphics: An S4 Lattice-Based Package for the Representation of
Multivariate Data},
    author = {Dray, S. and Siberchicot, A. and Thioulouse, J. and Julien-Laferri\`ere, A.},
    year = {2016},
    note = {R package version 1.0-5},
    url = {http://CRAN.R-project.org/package=adegraphics}
  }


@inproceedings{phyloseq,
  title={Phyloseq: a bioconductor package for handling and analysis of high-throughput phylogenetic sequence data},
  author={McMurdie, Paul J and Holmes, Susan},
  booktitle={Pacific Symposium on Biocomputing. Pacific Symposium on Biocomputing},
  pages={235 - 246},
  year={2012},
  organization={NIH Public Access}
}

@article{Fettweis,
  title={The vaginal microbiome: Disease, genetics and the environment},
  author={Fettweis, Jennifer M and Alves, Joao P and Borzelleca, Joseph F and Brooks, James P and Friedline, Christopher J and Gao, Yuan and Gao, Xi and Girerd, Philippe and Harwich, Michael D and Hendricks, Stephanie L and others},
  year={2011},
  publisher={Nature Publishing Group}
}

@ARTICLE{Cruz_Holmes,
  title={The duality diagram in data analysis: examples of modern applications},
  author={De la Cruz, Omar and Holmes, Susan},
  journal={The annals of applied statistics},
  volume={5},
  number={4},
  pages={2266--2277},
  year={2011}
}

@article{Yata,
  title={Effective PCA for high-dimension, low-sample-size data with singular value decomposition of cross data matrix},
  author={Yata, Kazuyoshi  and Aoshima, Makoto },
  journal={Journal of Multivariate Analysis},
  volume={101},
  pages={2060--2077},
  year={2010}
}

@article{Gower,
  title={Some distance properties of latent root and vector methods used in multivariate analysis},
  author={Gower, John C},
  journal={Biometrika},
  volume={53},
  number={3/4},
  pages={325--338},
  year={1966}
}

@Manual{Gentleman,
    title = {genefilter: genefilter: methods for filtering genes from microarray
experiments},
    author = {R. Gentleman and V. Carey and W. Huber and F. Hahne},
    note = {R package version 1.54.2},
    year={2016}
  }
  
 @article{Anders,
  title={Differential expression analysis for sequence count data},
  author={Anders, Simon and Huber, Wolfgang},
  journal={Genome biology},
  volume={11},
  pages={1--12},
  year={2010}
}

@article{Hausser,
  title={Entropy inference and the James-Stein estimator, with application to nonlinear gene association networks},
  author={Hausser, Jean and Strimmer, Korbinian},
  journal={Journal of Machine Learning Research},
  volume={10},
  pages={1469--1484},
  year={2009}
}

@article{Lin,
  title={Divergence measures based on the Shannon entropy},
  author={Lin, Jianhua},
  journal={IEEE Transactions on Information theory},
  volume={37},
  number={1},
  pages={145--151},
  year={1991}
}

@article{fettweis2014differences,
  title={Differences in vaginal microbiome in African American women versus women of European ancestry},
  author={Fettweis, Jennifer M and Brooks, J Paul and Serrano, Myrna G and Sheth, Nihar U and Girerd, Philippe H and Edwards, David J and Strauss III, Jerome F and Jefferson, Kimberly K and Buck, Gregory A and Vaginal Microbiome Consortium and others},
  journal={Microbiology},
  volume={160},
  number={10},
  pages={2272--2282},
  year={2014}
}

@book{remington2011infectious,
  title={Infectious diseases of the fetus and newborn infant},
  author={Remington, Jack S},
  year={2011},
  publisher={Saunders/Elsevier},
  address={Philadelphia, PA}
}